<collection xmlns="http://www.loc.gov/MARC21/slim">
<record>
  <leader>01472nam0a22002651i 450 </leader>
  <controlfield tag="001">IT\ICCU\CNCE\053200</controlfield>
  <controlfield tag="005">20021001000000.0</controlfield>
  <datafield tag="012" ind1=" " ind2=" ">
    <subfield code="a">e-m, ijui a-at sedo (3) 1585 (Q)</subfield>
    <subfield code="2">fei</subfield>
  </datafield>
  <datafield tag="100" ind1=" " ind2=" ">
    <subfield code="a">20020926f1585        0itac0103    ba</subfield>
  </datafield>
  <datafield tag="101" ind1=" " ind2=" ">
    <subfield code="a">LAT</subfield>
  </datafield>
  <datafield tag="102" ind1=" " ind2=" ">
    <subfield code="a">IT</subfield>
  </datafield>
  <datafield tag="200" ind1="1" ind2=" ">
    <subfield code="a">Historia ceu verissima a calumniis multorum vindicata, quae refert Traiani animam precibus diui Gregorij pont. romani a Tartareis cruciatibus ereptam. Auctore f. Alfonso Ciacono hispano doctore theologo, instituti Praedicatorum, &amp; rom. pontificis poenitentiario</subfield>
  </datafield>
  <datafield tag="205" ind1=" " ind2=" ">
    <subfield code="a">Denuo impressa, &amp; a multis erroribus expurgata</subfield>
  </datafield>
  <datafield tag="210" ind1=" " ind2=" ">
    <subfield code="a">Regii</subfield>
    <subfield code="c">apud Herculianum Bartholum</subfield>
    <subfield code="d">&amp; Hippo. Trombam</subfield>
    <subfield code="d">?1585?</subfield>
  </datafield>
  <datafield tag="215" ind1=" " ind2=" ">
    <subfield code="a">50, ?2? p.</subfield>
    <subfield code="d">4?</subfield>
  </datafield>
  <datafield tag="300" ind1=" " ind2=" ">
    <subfield code="a">ANNULLATA !!!!! E&apos; la 10973((Edit 16, III, p. 229 n.2947. - Data da dedicatoria. - Marca sul front. - Ultima c. bianca. - Segn.: A-E4 F6</subfield>
  </datafield>
  <datafield tag="620" ind1=" " ind2=" ">
    <subfield code="a">IT</subfield>
    <subfield code="d">Reggio Emilia</subfield>
  </datafield>
  <datafield tag="700" ind1=" " ind2="1">
    <subfield code="a">Chacn̤,</subfield>
    <subfield code="b">Alfonso</subfield>
    <subfield code="c"> &lt;il vecchio&gt;</subfield>
    <subfield code="3">IT\ICCU\CNCA\002966</subfield>
  </datafield>
  <datafield tag="712" ind1="0" ind2="0">
    <subfield code="a">Bartoli, Ercoliano &amp; Tromba, Ippolito</subfield>
    <subfield code="3">IT\ICCU\CNCT\001419</subfield>
    <subfield code="4">650</subfield>
  </datafield>
  <datafield tag="790" ind1=" " ind2="1">
    <subfield code="a">Ciaconius,</subfield>
    <subfield code="b">Alfonsus</subfield>
    <subfield code="3">IT\ICCU\CNCA\008018</subfield>
    <subfield code="z">Chacn̤, Alfonso &lt;il vecchio&gt;</subfield>
  </datafield>
  <datafield tag="790" ind1=" " ind2="1">
    <subfield code="a">Ciaconus,</subfield>
    <subfield code="b">Alfonsus</subfield>
    <subfield code="3">IT\ICCU\CNCA\013196</subfield>
    <subfield code="z">Chacn̤, Alfonso &lt;il vecchio&gt;</subfield>
  </datafield>
  <datafield tag="790" ind1=" " ind2="1">
    <subfield code="a">Giaccone,</subfield>
    <subfield code="b">Alfonso</subfield>
    <subfield code="3">IT\ICCU\CNCA\017527</subfield>
    <subfield code="z">Chacn̤, Alfonso &lt;il vecchio&gt;</subfield>
  </datafield>
  <datafield tag="791" ind1="0" ind2="0">
    <subfield code="a">Tromba, Ippolito</subfield>
    <subfield code="3">IT\ICCU\CNCT\001420</subfield>
    <subfield code="z">Bartoli, Ercoliano &amp; Tromba, Ippolito</subfield>
  </datafield>
  <datafield tag="801" ind1=" " ind2="3">
    <subfield code="a">IT</subfield>
    <subfield code="b">ICCU</subfield>
    <subfield code="c">20201115</subfield>
  </datafield>
  <datafield tag="899" ind1=" " ind2=" ">
    <subfield code="a">Biblioteca universitaria. Bologna</subfield>
    <subfield code="1">BO0098</subfield>
    <subfield code="2">UBO BU</subfield>
  </datafield>
</record>
</collection>
